<?xml version="1.0" encoding="utf-8"?>
<record xmlns="http://www.loc.gov/MARC21/slim" xmlns:xsi="http://www.w3.org/2001/XMLSchema-instance" xsi:schemaLocation="http://www.loc.gov/MARC21/slim http://www.loc.gov/standards/marcxml/schema/MARC21slim.xsd">
	<leader>     nam a22        4500</leader>
	<controlfield tag="001">2872206</controlfield>
	<controlfield tag="003">NNC</controlfield>
	<controlfield tag="006">m        d        </controlfield>
	<controlfield tag="007">cr cn |||m|||a</controlfield>
	<controlfield tag="008">161117m19541968ua      o     000 0 arar </controlfield>
	<datafield ind1=" " ind2=" " tag="040">
		<subfield code="a">NNU</subfield>
		<subfield code="b">eng</subfield>
		<subfield code="e">rda</subfield>
		<subfield code="c">NNU</subfield>
	</datafield>
	<datafield ind1="0" ind2="4" tag="050">
		<subfield code="a">BP130.4</subfield>
		<subfield code="b">.T28</subfield>
	</datafield>
	<datafield ind1="0" ind2=" " tag="100">
		<subfield code="6">880-01</subfield>
		<subfield code="a">Ṭabarī,</subfield>
		<subfield code="d">838?-923.</subfield>
	</datafield>
	<datafield ind1="1" ind2="0" tag="245">
		<subfield code="6">880-02</subfield>
		<subfield code="a">Jāmiʻ al-bayān ʻan taʼwīl āy al-Qurʼān /</subfield>
		<subfield code="c">taʼlīf Abī Jaʻfar Muḥammad ibn Jarīr al-Ṭabarī.</subfield>
	</datafield>
	<datafield ind1="3" ind2=" " tag="246">
		<subfield code="6">880-03</subfield>
		<subfield code="a">Tafsīr al-Ṭabarī</subfield>
	</datafield>
	<datafield ind1=" " ind2=" " tag="250">
		<subfield code="6">880-04</subfield>
		<subfield code="a">al-Tabʻah 3.</subfield>
	</datafield>
	<datafield ind1=" " ind2=" " tag="260">
		<subfield code="6">880-05</subfield>
		<subfield code="a">Miṣr :</subfield>
		<subfield code="b">Muṣṭafá al-Bābī al-Ḥalabī</subfield>
		<subfield code="c">[v.1, 1968] 1954-68.</subfield>
	</datafield>
	<datafield ind1=" " ind2=" " tag="300">
		<subfield code="a">online resource (30 volumes in 12.)</subfield>
	</datafield>
	<datafield ind1=" " ind2=" " tag="336">
		<subfield code="a">text</subfield>
		<subfield code="2">rdacontent</subfield>
	</datafield>
	<datafield ind1=" " ind2=" " tag="337">
		<subfield code="a">computer</subfield>
		<subfield code="2">rdamedia</subfield>
	</datafield>
	<datafield ind1=" " ind2=" " tag="338">
		<subfield code="a">online resource</subfield>
		<subfield code="2">rdacarrier</subfield>
	</datafield>
	<datafield ind1=" " ind2=" " tag="500">
		<subfield code="a">Vols. 3-30: 2d ed.</subfield>
	</datafield>
	<datafield ind1=" " ind2=" " tag="500">
		<subfield code="a">Known also under title: Tafsīr al-Ṭabarī.</subfield>
	</datafield>
	<datafield ind1=" " ind2=" " tag="500">
		<subfield code="a">Part of the Arabic Collections Online (ACO) project, contributed by Columbia University Libraries.</subfield>
	</datafield>
	<datafield ind1=" " ind2=" " tag="533">
		<subfield code="a">Electronic reproduction.</subfield>
		<subfield code="b">New York, N.Y. :</subfield>
		<subfield code="c">New York University,</subfield>
		<subfield code="d">2016.</subfield>
		<subfield code="5">NNU</subfield>
	</datafield>
	<datafield ind1="0" ind2="0" tag="630">
		<subfield code="a">Qurʼan</subfield>
		<subfield code="v">Commentaries.</subfield>
	</datafield>
	<datafield ind1="0" ind2="6" tag="630">
		<subfield code="a">Coran</subfield>
		<subfield code="v">Commentaires</subfield>
		<subfield code="v">Ouvrages avant 1800.</subfield>
	</datafield>
	<datafield ind1="0" ind2="7" tag="630">
		<subfield code="a">Qurʼan.</subfield>
		<subfield code="2">fast</subfield>
		<subfield code="0">(OCoLC)fst01842877</subfield>
	</datafield>
	<datafield ind1=" " ind2="7" tag="655">
		<subfield code="a">Commentaries.</subfield>
		<subfield code="2">fast</subfield>
		<subfield code="0">(OCoLC)fst01423723</subfield>
	</datafield>
	<datafield ind1="1" ind2=" " tag="700">
		<subfield code="6">880-06</subfield>
		<subfield code="a">Saqqā, Muṣṭafá.</subfield>
	</datafield>
	<datafield ind1="2" ind2=" " tag="710">
		<subfield code="a">Columbia University.</subfield>
		<subfield code="b">Libraries.</subfield>
	</datafield>
	<datafield ind1="0" ind2=" " tag="730">
		<subfield code="a">Arabic Collections Online.</subfield>
	</datafield>
	<datafield ind1="0" ind2=" " tag="740">
		<subfield code="6">880-07</subfield>
		<subfield code="a">Tafsīr al-Ṭabarī</subfield>
	</datafield>
	<datafield ind1="0" ind2="8" tag="776">
		<subfield code="i">Online version:</subfield>
		<subfield code="a">Ṭabarī, 838?-923.</subfield>
		<subfield code="t">Jāmiʻ al-bayān ʻan taʼwīl āy al-Qurʼān.</subfield>
		<subfield code="b">al-Tabʻah 3.</subfield>
		<subfield code="d">Miṣr, Muṣṭafá al-Bābī al-Ḥalabī [v.1, 1968] 1954-68</subfield>
		<subfield code="w">(OCoLC)556528884</subfield>
	</datafield>
	<datafield ind1="0" ind2="8" tag="776">
		<subfield code="i">Online version:</subfield>
		<subfield code="a">Ṭabarī, 838?-923.</subfield>
		<subfield code="t">Jāmiʻ al-bayān ʻan taʼwīl āy al-Qurʼān.</subfield>
		<subfield code="b">al-Tabʻah 3.</subfield>
		<subfield code="d">Miṣr, Muṣṭafá al-Bābī al-Ḥalabī [v.1, 1968] 1954-68</subfield>
		<subfield code="w">(OCoLC)608491345</subfield>
	</datafield>
	<datafield ind1="0" ind2="8" tag="776">
		<subfield code="i">Print version:</subfield>
		<subfield code="a">Ṭabarī, 838?-923.</subfield>
		<subfield code="t">Jāmiʻ al-bayān ʻan taʼwīl āy al-Qurʼān</subfield>
		<subfield code="w">(NNC)2872206</subfield>
		<subfield code="w">(DLC)   75963503 </subfield>
		<subfield code="w">(OCoLC)21480083</subfield>
	</datafield>
	<datafield ind1="4" ind2="0" tag="856">
		<subfield code="u">http://hdl.handle.net/2333.1/37pvmj1r</subfield>
	</datafield>
	<datafield ind1="0" ind2=" " tag="880">
		<subfield code="6">100-01/r</subfield>
		<subfield code="a">طبري،</subfield>
		<subfield code="d">838?-923.</subfield>
	</datafield>
	<datafield ind1="1" ind2="0" tag="880">
		<subfield code="6">245-02/r</subfield>
		<subfield code="a">جامع البيان عن تأويل آي القرآن /</subfield>
		<subfield code="c">تأليف أبي جعفر محمد بن جرير الطبري.</subfield>
	</datafield>
	<datafield ind1="3" ind2=" " tag="880">
		<subfield code="6">246-03/r</subfield>
		<subfield code="a">تفسير الطبري</subfield>
	</datafield>
	<datafield ind1=" " ind2=" " tag="880">
		<subfield code="6">250-04/r</subfield>
		<subfield code="a">الطبعة 3.</subfield>
	</datafield>
	<datafield ind1=" " ind2=" " tag="880">
		<subfield code="6">260-05/r</subfield>
		<subfield code="a">مصر :</subfield>
		<subfield code="b">مصطفى البابي الحلبي ،</subfield>
		<subfield code="c">[الجزء 1-1968] 1954-1968.</subfield>
	</datafield>
	<datafield ind1="1" ind2=" " tag="880">
		<subfield code="6">700-06/r</subfield>
		<subfield code="a">سقا، مصطفى.</subfield>
	</datafield>
	<datafield ind1="0" ind2=" " tag="880">
		<subfield code="6">740-07/r</subfield>
		<subfield code="a">تفسير الطبري.</subfield>
	</datafield>
	<datafield ind1=" " ind2=" " tag="959">
		<subfield code="a">NNU</subfield>
		<subfield code="b">WEB</subfield>
		<subfield code="c">GENI</subfield>
		<subfield code="t">0</subfield>
		<subfield code="m">Electronic access</subfield>
		<subfield code="s">01</subfield>
	</datafield>
	<datafield ind1=" " ind2=" " tag="999">
		<subfield code="i">NNC_2872206</subfield>
		<subfield code="o">(OCoLC)ocm21480083</subfield>
		<subfield code="s">columbia_aco002026:v.2</subfield>
		<subfield code="s">columbia_aco002027:v.5-6</subfield>
		<subfield code="s">columbia_aco002028:v.7-8</subfield>
		<subfield code="s">columbia_aco002050:v.9-11</subfield>
		<subfield code="s">columbia_aco002051:v.12-14</subfield>
		<subfield code="s">columbia_aco002052:v.15-17</subfield>
		<subfield code="s">columbia_aco002053:v.18-21</subfield>
		<subfield code="s">columbia_aco002023:v.22-25</subfield>
		<subfield code="s">columbia_aco002024:v.26-28</subfield>
		<subfield code="s">columbia_aco002025:v.29-30</subfield>
		<subfield code="e">(ERROR-880)</subfield>
		<subfield code="s">columbia_aco002026:v.2</subfield>
		<subfield code="s">columbia_aco002027:v.5-6</subfield>
		<subfield code="s">columbia_aco002028:v.7-8</subfield>
		<subfield code="s">columbia_aco002050:v.9-11</subfield>
		<subfield code="s">columbia_aco002051:v.12-14</subfield>
		<subfield code="s">columbia_aco002052:v.15-17</subfield>
		<subfield code="s">columbia_aco002053:v.18-21</subfield>
		<subfield code="s">columbia_aco002023:v.22-25</subfield>
		<subfield code="s">columbia_aco002024:v.26-28</subfield>
		<subfield code="s">columbia_aco002025:v.29-30</subfield>
	</datafield>
</record>
